<record><leader>00000cas a22000007a 4500</leader><controlfield tag="001">12568830</controlfield><controlfield tag="008">850918d18791889oruwr ne      0    0ger  </controlfield><datafield ind1=" " ind2=" " tag="010"><subfield code="a">sn 85042489 </subfield></datafield><datafield ind1=" " ind2=" " tag="040"><subfield code="a">DLC</subfield><subfield code="b">eng</subfield><subfield code="c">DLC</subfield><subfield code="d">OCLCQ</subfield></datafield><datafield ind1=" " ind2=" " tag="042"><subfield code="a">msc</subfield></datafield><datafield ind1="0" ind2="0" tag="050"><subfield code="a">Newspaper 9368</subfield></datafield><datafield ind1="0" ind2="0" tag="245"><subfield code="a">Staats Zeitung.</subfield></datafield><datafield ind1="1" ind2="3" tag="246"><subfield code="a">Oregon Staats Zeitung</subfield></datafield><datafield ind1=" " ind2=" " tag="260"><subfield code="a">Portland [Or.] :</subfield><subfield code="b">J. Folkman,</subfield><subfield code="c">-1889.</subfield></datafield><datafield ind1=" " ind2=" " tag="300"><subfield code="a">v. :</subfield><subfield code="b">ill. (chiefly advertisements) ;</subfield><subfield code="c">66-75 cm.</subfield></datafield><datafield ind1=" " ind2=" " tag="310"><subfield code="a">Weekly</subfield></datafield><datafield ind1="0" ind2=" " tag="362"><subfield code="a">-v. 12, no. 598 (Dec. 26, 1889).</subfield></datafield><datafield ind1="1" ind2=" " tag="362"><subfield code="a">Began in 1879.</subfield><subfield code="z">Cf. Gregory, W. Amer. newspapers.</subfield></datafield><datafield ind1=" " ind2=" " tag="500"><subfield code="a">&quot;Fu&#776;r Oregon und Washington.&quot;</subfield></datafield><datafield ind1=" " ind2=" " tag="525"><subfield code="a">Has occasional supplements called: Oregon Staats Zeitung.</subfield></datafield><datafield ind1=" " ind2=" " tag="580"><subfield code="a">Also published in a daily edition called: Staats Zeitung.</subfield></datafield><datafield ind1=" " ind2=" " tag="588"><subfield code="a">Description based on: Vol. 6, no. 296 (Mar. 14, 1884).</subfield></datafield><datafield ind1=" " ind2=" " tag="752"><subfield code="a">United States</subfield><subfield code="b">Oregon</subfield><subfield code="c">Multnomah</subfield><subfield code="d">Portland.</subfield></datafield><datafield ind1="1" ind2=" " tag="775"><subfield code="t">Staats Zeitung (Portland, Or. : 1877)</subfield></datafield><datafield ind1="0" ind2="0" tag="785"><subfield code="t">Oregon Staats Zeitung</subfield><subfield code="w">(DLC)sn 85042490</subfield></datafield><datafield ind1="1" ind2=" " tag="029"><subfield code="a">AU@</subfield><subfield code="b">000023435368</subfield></datafield></record>